@CONTROL{REVTEX41Control}
@CONTROL{apsrev41Control,author="08",editor="1",pages="0",title="",year="1"}

@INPROCEEDINGS{bleed1, 
author={M. {Hanif} and A. {Tonazzini} and P. {Savino} and E. {Salerno} and G. {Tsagkatakis}}, 
booktitle={2018 13th IAPR International Workshop on Document Analysis Systems (DAS)}, 
title={Document Bleed-Through Removal Using Sparse Image Inpainting}, 
year={2018}, 
volume={}, 
number={}, 
pages={281-286}, 
keywords={distortion;document image processing;image representation;image restoration;image texture;digital image restoration techniques;nonstationary linear model;recto-verso pair;sparse representation based image inpainting technique;nonnegative sparsity constraint;sparse image reconstruction methods;ancient documents;sparse image inpainting;pervasive degradation;paper fiber;extra text;interfering text;document bleed-through removal;distortion;bleed-through pixels;dictionary learning;Dictionaries;Image restoration;Ink;Machine learning;Degradation;Digital images;Task analysis;Ancient document restoration;image inpainting;bleed-through removal;sparse representation}, 
doi={10.1109/DAS.2018.21}, 
ISSN={}, 
month={April},}

@INPROCEEDINGS{bleed2, 
author={M. {Brisinello} and R. {Grbić} and M. {Pul} and T. {Anđelić}}, 
booktitle={2017 International Symposium ELMAR}, 
title={Improving optical character recognition performance for low quality images}, 
year={2017}, 
volume={}, 
number={}, 
pages={167-171}, 
keywords={image colour analysis;image resolution;optical character recognition;optical character recognition;image preprocessing methods;Tesseract 4;paper OCR;OCR software;STB testing;Set-Top Boxes;Optical character recognition software;Character recognition;Image resolution;Image color analysis;Clustering algorithms;Low pass filters;Image recognition;OCR;Tesseract;Low Quality Images;Image Preprocessing}, 
doi={10.23919/ELMAR.2017.8124460}, 
ISSN={}, 
month={Sep.},}

@INPROCEEDINGS{bleed3, 
author={R. {Rowley-Brooke} and A. {Kokaram}}, 
booktitle={2011 Irish Machine Vision and Image Processing Conference}, 
title={Degraded Document Bleed-Through Removal}, 
year={2011}, 
volume={}, 
number={}, 
pages={70-75}, 
keywords={Bayes methods;document image processing;optimisation;degraded document image bleed-through removal;Bayesian approach;linear degradation model;ICM optimisation;bleed-through reduced images;variable estimation;conditional probability mode;scanned manuscript images;degradation degrees;Degradation;Interference;Image restoration;Hidden Markov models;Estimation;Noise;Bayesian methods;stereo camera calibration;wide field of view;mobile mapping system}, 
doi={10.1109/IMVIP.2011.21}, 
ISSN={}, 
month={Sep.},}

@ARTICLE {geoffreyhinton,
    author = "Geoffrey Hinton",
    title  = "Overview of mini-batch gradient descent"
}

@article{skipLayers,
  author    = {Xiao{-}Jiao Mao and
               Chunhua Shen and
               Yu{-}Bin Yang},
  title     = {Image Denoising Using Very Deep Fully Convolutional Encoder-Decoder
               Networks with Symmetric Skip Connections},
  journal   = {CoRR},
  volume    = {abs/1603.09056},
  year      = {2016},
  url       = {http://arxiv.org/abs/1603.09056},
  archivePrefix = {arXiv},
  eprint    = {1603.09056},
  timestamp = {Mon, 13 Aug 2018 16:46:31 +0200},
  biburl    = {https://dblp.org/rec/bib/journals/corr/MaoSY16},
  bibsource = {dblp computer science bibliography, https://dblp.org}
}